% ....názov súboru je: literatura.bib
@article{Survey,
Author = {Chen, Min and Mao, Shiwen and Liu, Yunhao},
Title = {Big Data: A Survey},
Journal = {MOBILE NETWORKS \& APPLICATIONS},
Year = {2014},
Volume = {19},
Number = {2},
Pages = {171-209},
Month = {APR},
DOI = {10.1007/s11036-013-0489-0},
ISSN = {1383-469X},
EISSN = {1572-8153},
ResearcherID-Numbers = {Mao, Shiwen/AAY-4471-2020
   Chen, Min/N-9350-2015},
ORCID-Numbers = {Chen, Min/0000-0002-0960-4447},
Unique-ID = {WOS:000334161000006},
}
